<record><leader>00000cas a22000007a 4500</leader><controlfield tag="001">24168415</controlfield><controlfield tag="008">910802d184118uunyuwr ne      0    0eng d</controlfield><datafield ind1=" " ind2=" " tag="010"><subfield code="a">sn 91066362 </subfield></datafield><datafield ind1=" " ind2=" " tag="040"><subfield code="a">NYS</subfield><subfield code="b">eng</subfield><subfield code="c">NYS</subfield><subfield code="d">OCL</subfield><subfield code="d">NYS</subfield><subfield code="d">OCL</subfield><subfield code="d">OCLCQ</subfield><subfield code="d">OCLCF</subfield><subfield code="d">OCLCO</subfield></datafield><datafield ind1=" " ind2=" " tag="042"><subfield code="a">msc</subfield></datafield><datafield ind1=" " ind2=" " tag="043"><subfield code="a">n-us-ny</subfield></datafield><datafield ind1="0" ind2=" " tag="130"><subfield code="a">Jeffersonian (Jefferson, Chemung County, N.Y.)</subfield></datafield><datafield ind1="1" ind2="4" tag="245"><subfield code="a">The Jeffersonian.</subfield></datafield><datafield ind1=" " ind2=" " tag="260"><subfield code="a">Jefferson, Chemung Co., N.Y. :</subfield><subfield code="b">George B. Richardson &amp; Co.</subfield></datafield><datafield ind1=" " ind2=" " tag="300"><subfield code="a">v. ;</subfield><subfield code="c">56 cm.</subfield></datafield><datafield ind1=" " ind2=" " tag="310"><subfield code="a">Weekly</subfield></datafield><datafield ind1="1" ind2=" " tag="362"><subfield code="a">Began in 1841?</subfield></datafield><datafield ind1=" " ind2=" " tag="500"><subfield code="a">Publishers: George B. Richardson &amp; Co., &lt;1841&gt;; St. John &amp; Turrell, &lt;June 26&gt;-Nov. 6, 1847; O.B. Turrell, Nov. 13, 1847; Turrell &amp; Hurd, Nov. 20, 1847-</subfield></datafield><datafield ind1=" " ind2=" " tag="500"><subfield code="a">Jefferson, N.Y. name changed to Watkins, N.Y., Apr. 8, 1852, and later became known as Watkins Glen, N.Y.</subfield></datafield><datafield ind1=" " ind2=" " tag="500"><subfield code="a">Schuyler County formed from parts of Chemung, Steuben, and Tompkins Counties, Apr. 17, 1854.</subfield></datafield><datafield ind1=" " ind2=" " tag="515"><subfield code="a">&lt;June 26-Dec. 25, 1847&gt; issues numbered: &lt;Vol. 1, no. 16-v. 1, no. 42&gt;.</subfield></datafield><datafield ind1=" " ind2=" " tag="588"><subfield code="a">Description based on: Vol. 1, no. 29 (Dec. 1, 1841).</subfield></datafield><datafield ind1=" " ind2="0" tag="651"><subfield code="a">Chemung County (N.Y.)</subfield><subfield code="v">Newspapers.</subfield></datafield><datafield ind1=" " ind2="0" tag="651"><subfield code="a">Watkins Glen (N.Y.)</subfield><subfield code="v">Newspapers.</subfield></datafield><datafield ind1=" " ind2="0" tag="651"><subfield code="a">Schuyler County (N.Y.)</subfield><subfield code="v">Newspapers.</subfield></datafield><datafield ind1=" " ind2="4" tag="651"><subfield code="a">Jefferson (Chemung County, N.Y.)</subfield><subfield code="v">Newspapers.</subfield></datafield><datafield ind1=" " ind2="7" tag="655"><subfield code="a">Newspapers.</subfield><subfield code="2">fast</subfield><subfield code="0">(OCoLC)fst01423814</subfield></datafield><datafield ind1=" " ind2="7" tag="651"><subfield code="a">New York (State)</subfield><subfield code="z">Chemung County.</subfield><subfield code="2">fast</subfield><subfield code="0">(OCoLC)fst01207028</subfield></datafield><datafield ind1=" " ind2="7" tag="651"><subfield code="a">New York (State)</subfield><subfield code="z">Schuyler County.</subfield><subfield code="2">fast</subfield><subfield code="0">(OCoLC)fst01208406</subfield></datafield><datafield ind1=" " ind2="7" tag="651"><subfield code="a">New York (State)</subfield><subfield code="z">Watkins Glen.</subfield><subfield code="2">fast</subfield><subfield code="0">(OCoLC)fst01220235</subfield></datafield><datafield ind1=" " ind2=" " tag="752"><subfield code="a">United States</subfield><subfield code="b">New York</subfield><subfield code="c">Schuyler</subfield><subfield code="d">Watkins Glen.</subfield></datafield><datafield ind1=" " ind2=" " tag="752"><subfield code="a">United States</subfield><subfield code="b">New York</subfield><subfield code="c">Chemung</subfield><subfield code="d">Jefferson.</subfield></datafield></record>